@book{skapura,
author={David M. Skapura},
title={Building Neural Networks},
publisher={ACM Press, New York},
year={1996},
isbn={0-201-53921-7},
}

@book{Haykin:1994:NNC:541500,
 author = {Haykin, Simon},
 title = {Neural Networks: A Comprehensive Foundation},
 year = {1994},
 isbn = {0023527617},
 edition = {1st},
 publisher = {Prentice Hall PTR},
 address = {Upper Saddle River, NJ, USA},
}