%% This BibTeX bibliography file was created using BibDesk.
%% http://bibdesk.sourceforge.net/


%% Created for Ed at 2010-12-22 12:21:07 -0600 


%% Saved with string encoding Unicode (UTF-8) 



@misc{vlsibackp_t,
	Author = {Mariusz Bernacki},
	Date-Added = {2010-12-21 15:37:30 -0600},
	Date-Modified = {2010-12-22 12:21:00 -0600},
	Lastchecked = {December 22, 2010},
	Title = {Backpropagation},
	Url = {http://home.agh.edu.pl/~vlsi/AI/backp_t_en/backprop.html},
	note = "available from \url{http://home.agh.edu.pl/~vlsi/AI/backp_t_en/backprop.html}"
	Bdsk-Url-1 = {http://home.agh.edu.pl/~vlsi/AI/backp_t_en/backprop.html}}

@book{skapura,
	Author = {David M. Skapura},
	Isbn = {0-201-53921-7},
	Publisher = {ACM Press, New York},
	Title = {Building Neural Networks},
	Year = {1996}}

@book{Haykin:1994:NNC:541500,
	Address = {Upper Saddle River, NJ, USA},
	Author = {Haykin, Simon},
	Edition = {1st},
	Isbn = {0023527617},
	Publisher = {Prentice Hall PTR},
	Title = {Neural Networks: A Comprehensive Foundation},
	Year = {1994}}
